@article{batista2008desenvolvendo,
  title={Desenvolvendo sistemas multiagentes na plataforma jade},
  author={Batista, Andre Filipe de Moraes},
  journal={Santo Andr{\'e}: Universidade Federal do Abc},
  pages={32},
  year={2008}
}

@book{booch2006uml,
  title={UML: guia do usu{\'a}rio},
  author={Booch, Grady and Rumbaugh, James and Jacobson, Ivar},
  year={2006},
  publisher={Elsevier Brasil}
}

@book{breiman1984classification,
  title={Classification and regression trees},
  author={Breiman, Leo and Friedman, Jerome and Stone, Charles J and Olshen, Richard A},
  year={1984},
  publisher={CRC press}
}

@article{cambruzzi2014gvwise,
  title={GVwise: uma aplica{\c{c}}{\~a}o de learning analytics para a redu{\c{c}}{\~a}o da evas{\~a}o na educa{\c{c}}{\~a}o a dist{\^a}ncia},
  author={Cambruzzi, Wagner Luiz},
  year={2014},
  publisher={Universidade do Vale do Rio dos Sinos}
}

@article{cavalcantimineraccao,
  title={Minera{\c{c}}{\~a}o e Visualiza{\c{c}}{\~a}o de Dados Educacionais: Identifica{\c{c}}{\~a}o de Fatores que Afetam a Motiva{\c{c}}{\~a}o de Alunos na Educa{\c{c}}{\~a}o a Dist{\^a}ncia},
  author={Cavalcanti, {\^A}ngelo Gustavo Gomes and dos Santos, Napole{\~a}o Nadson and Cavalcanti, Jorge Luis and Ramos, Alex Sandro Gomes},
year={2014}
}

@inproceedings{cohen1995fast,
  title={Fast effective rule induction},
  author={Cohen, William W},
  booktitle={Proceedings of the twelfth international conference on machine learning},
  pages={115--123},
  year={1995}
}

@article{da2012minerando,
  title={Minerando dados sobre o desempenho de alunos de cursos de educa{\c{c}}{\~a}o permanente em modalidade EAD: Um estudo de caso sobre evas{\~a}o escolar na UNA-SUS},
  author={da Costa, Susane Santos and Cazella, Silvio and Rigo, Sandro Jos{\'e}},
  journal={RENOTE},
  volume={12},
  number={2},
  year={2012}
}

@book{han2011data,
  title={Data mining: concepts and techniques},
  author={Han, Jiawei and Pei, Jian and Kamber, Micheline},
  year={2011},
  publisher={Elsevier}
}

@inproceedings{silva2014sistema,
  title={Sistema Tutor Inteligente baseado em Agentes na plataforma MOODLE para Apoio as Atividades Pedag{\'o}gicas da Universidade Aberta do Piau{\'\i}},
  author={Silva, Samuel BJ and Machado, Vinicius Ponte and Ara{\'u}jo, Francisco NC},
  booktitle={Anais dos Workshops do Congresso Brasileiro de Inform{\'a}tica na Educa{\c{c}}{\~a}o},
  volume={3},
  number={1},
  pages={592},
  year={2014}
}

@article{da2008mas,
  title={MAS-ML: a multiagent system modelling language},
  author={Da Silva, Viviane Torres and Choren, Ricardo and De Lucena, Carlos JP},
  journal={International Journal of Agent-Oriented Software Engineering},
  volume={2},
  number={4},
  pages={382--421},
  year={2008},
  publisher={Inderscience Publishers}
}

@phdthesis{de2013normative,
  title={Normative Spaces for Open Electronic Institutional Environments},
  author={De Oliveira, Marcos Antonio},
  year={2013},
  school={University of Otago}
}

@article{dosabordagem,
  title={Uma Abordagem Gen{\'e}rica de Identifica{\c{c}}{\~a}o Precoce de Estudantes com Risco de Evas{\~a}o em um AVA utilizando T{\'e}cnicas de Minera{\c{c}}{\~a}o de Dados},
  author={dos Santos, Ramon N{\'o}brega and de Alburqueque, Clauirton and Soares, Est{\^e}v{\~a}o Domingos}
}

@inproceedings{fayyad1996knowledge,
  title={Knowledge discovery and data mining: towards a unifying framework.},
  author={Fayyad, Usama M and Piatetsky-Shapiro, Gregory and Smyth, Padhraic and others},
  booktitle={KDD},
  volume={96},
  pages={82--88},
  year={1996}
}

@inproceedings{freund1999alternating,
  title={The alternating decision tree learning algorithm},
  author={Freund, Yoav and Mason, Llew},
  booktitle={icml},
  volume={99},
  pages={124--133},
  year={1999}
}

@article{gonccalvesabordagem,
  title={Uma Abordagem Baseada em Agentes de Apoio ao Ensino a Dist{\^a}ncia Utilizando T{\'e}cnicas de Engenharia de Software},
  author={Gon{\c{c}}alves, Enyo JT and de Oliveira, Marcos A and Junior, Jo{\~a}o H Freires and Feitosa, Guilherme ES and Mendes, Douglas H and Cort{\'e}s, Mariela I and Feitosa, Robson GF and Lopes, Yrleyjander S},
  year={2014}
}

@article{kampff2009mineraccao,
  title={Minera{\c{c}}{\~a}o de dados educacionais para gera{\c{c}}{\~a}o de alertas em ambientes virtuais de aprendizagem como apoio {\`a} pr{\'a}tica docente},
  author={Kampff, Adriana Justin Cerveira},
  year={2009}
}

@article{lopesjamder,
  title={JAMDER: Uma Extens{\~a}o do Framework JADE com Foco em Agentes},
  author={Lopes, Yrleyj{\^a}nder Salmito and Gon{\c{c}}alves, Enyo Jos{\'e} Tavares and Cort{\'e}s, Mariela I and de Campos, Gustavo Augusto L},
  year={2012}
}

@phdthesis{oliveira2000processo,
  title={O processo de extra{\c{c}}{\~a}o de conhecimento de base de dados apoiado por agentes de software.},
  author={Oliveira, Robson Butaca Taborelli de},
  year={2000},
  school={Universidade de S{\~a}o Paulo}
}

@book{quinlan2014c4,
  title={C4. 5: programs for machine learning},
  author={Quinlan, J Ross},
  year={2014},
  publisher={Elsevier}
}

@inproceedings{rigo2012minerando,
  title={Minerando Dados Educacionais com foco na evas{\~a}o escolar: oportunidades, desafios e necessidades},
  author={Rigo, Sandro J and Cazella, Silvio C and Cambruzzi, Wagner},
  booktitle={Anais do Workshop de Desafios da Computa{\c{c}}{\~a}o Aplicada {\`a} Educa{\c{c}}{\~a}o},
  pages={168--177},
  year={2012}
}

@article{russel2004inteligencia,
  title={Intelig{\^e}ncia Artificial: uma abordagem moderna. 2{\textordfeminine} edi{\c{c}}{\~a}o},
  author={RUSSEL, Stuart J and NORVIG, Peter},
  journal={Rio de Janeiro, Brasil. Editora Campus},
  year={2004}
}

@book{tan2006introduction,
  title={Introduction to data mining},
  author={Tan, Pang-Ning and others},
  year={2006},
  publisher={Pearson Education India}
}

@article{wilges2010sistemas,
  title={Sistemas multiagentes: mapeando a evas{\~a}o na educa{\c{c}}{\~a}o a dist{\^a}ncia},
  author={Wilges, Beatriz and da Costa Ribas, J{\'u}lio C{\'e}sar and Catapan, Araci Hack and Bastos, Rog{\'e}rio Cid},
  journal={RENOTE},
  volume={8},
  number={1},
  year={2010}
}

@article{breiman2001random,
  title={Random forests},
  author={Breiman, Leo},
  journal={Machine learning},
  volume={45},
  number={1},
  pages={5--32},
  year={2001},
  publisher={Springer}
}